@inproceedings{Hines:2009:PBL:1508293.1508301,
 author = {Hines, Michael R. and Gopalan, Kartik},
 title = {Post-copy Based Live Virtual Machine Migration Using Adaptive Pre-paging and Dynamic Self-ballooning},
 booktitle = {Proceedings of the 2009 ACM SIGPLAN/SIGOPS International Conference on Virtual Execution Environments},
 series = {VEE '09},
 year = {2009},
 isbn = {978-1-60558-375-4},
 location = {Washington, DC, USA},
 pages = {51--60},
 numpages = {10},
 url = {http://doi.acm.org.ezp-prod1.hul.harvard.edu/10.1145/1508293.1508301},
 doi = {10.1145/1508293.1508301},
 acmid = {1508301},
 publisher = {ACM},
 address = {New York, NY, USA},
 keywords = {operating systems, post-copy, process migration, virtual machines, xen},
} 
